<record><leader>00000cas a22000007a 4500</leader><controlfield tag="001">22539190</controlfield><controlfield tag="008">901019d19091910mauwr ne      0    0eng d</controlfield><datafield ind1=" " ind2=" " tag="010"><subfield code="a">sn 89062523 </subfield></datafield><datafield ind1=" " ind2=" " tag="040"><subfield code="a">MGN</subfield><subfield code="b">eng</subfield><subfield code="c">MGN</subfield><subfield code="d">OCLCQ</subfield></datafield><datafield ind1=" " ind2=" " tag="042"><subfield code="a">msc</subfield></datafield><datafield ind1="0" ind2="4" tag="245"><subfield code="a">The Sharon item.</subfield></datafield><datafield ind1=" " ind2=" " tag="260"><subfield code="a">Sharon, Mass. :</subfield><subfield code="b">Item Pub. Co.</subfield></datafield><datafield ind1=" " ind2=" " tag="300"><subfield code="a">v.</subfield></datafield><datafield ind1=" " ind2=" " tag="310"><subfield code="a">Weekly</subfield></datafield><datafield ind1="1" ind2=" " tag="362"><subfield code="a">Began in 1909; ceased in June 1910.</subfield></datafield><datafield ind1=" " ind2=" " tag="588"><subfield code="a">Description based on: Vol. 1, no. 21 (July 9, 1909).</subfield></datafield><datafield ind1=" " ind2=" " tag="752"><subfield code="a">United States</subfield><subfield code="b">Massachusetts</subfield><subfield code="c">Norfolk</subfield><subfield code="d">Sharon.</subfield></datafield><datafield ind1="0" ind2="4" tag="785"><subfield code="t">Sharon advocate (Sharon, Mass.)</subfield><subfield code="w">(DLC)sn 89062554</subfield></datafield></record>